@article{sample,
  title={Deformable model fitting by regularized landmark mean-shift},
  author={Saragih, Jason M and Lucey, Simon and Cohn, Jeffrey F},
  journal={International Journal of Computer Vision},
  volume={91},
  number={2},
  pages={200--215},
  year={2011},
  publisher={Springer}
}

@misc{sherlocksmaug,
author = {Hearst Shkulev},
url = {http://www.maximonline.ru/guide/cinema/{\_}article/the-hobbit-the-desolation-of-smaug-2/},
urldate = {2016-11-17},
}

@misc{sullypixar,
author = {Pixar},
url = {http://pixar-animation.weebly.com/pixars-animation-process.html},
urldate = {2016-12-7},
}
